@article{Addae_and_Oppelt_2019,
author = {Addae, Bright and Oppelt, Natascha},
doi = {10.3390/urbansci3010026},
issn = {2413-8851},
journal = {Urban Science},
month = {feb},
number = {1},
pages = {26},
title = {{Land-Use/Land-Cover Change Analysis and Urban Growth Modelling in the Greater Accra Metropolitan Area (GAMA), Ghana}},
url = {http://www.mdpi.com/2413-8851/3/1/26},
volume = {3},
year = {2019}
}
@article{DIvoire,
author = {D'Ivoire, C{\^{o}}te},
journal = {C{\^{o}}te d'Ivoire},
title = {{C{\^{o}}te d'Ivoire}}
}

@Manual{R_Core_Team_2019,
    title = {R: A Language and Environment for Statistical Computing},
    author = {{R Core Team}},
    organization = {R Foundation for Statistical Computing},
    address = {Vienna, Austria},
    year = {2021},
    url = {https://www.R-project.org/},
  }
  
@article{Gorelick_et_al_2017,
author = {Gorelick, Noel and Hancher, Matt and Dixon, Mike and Ilyushchenko, Simon and Thau, David and Moore, Rebecca},
doi = {10.1016/j.rse.2017.06.031},
issn = {00344257},
journal = {Remote Sensing of Environment},
month = {dec},
number = {1},
pages = {18--27},
publisher = {Elsevier},
title = {{Google Earth Engine: Planetary-scale geospatial analysis for everyone}},
url = {https://linkinghub.elsevier.com/retrieve/pii/S0034425717302900},
volume = {202},
year = {2017}
}

@article{Aybar_et_al_2020,
  doi = {10.21105/joss.02272},
  url = {https://doi.org/10.21105/joss.02272},
  year = {2020},
  publisher = {The Open Journal},
  volume = {5},
  number = {51},
  pages = {2272},
  author = {Cesar Aybar and Qiusheng Wu and Lesly Bautista and Roy Yali and Antony Barja},
  title = {rgee: An R package for interacting with Google Earth Engine},
  journal = {Journal of Open Source Software}
}

@article{Ajonina_et_al_2013,
author = {Ajonina, G and Diam{\'{e}}, A and Kairo, J},
isbn = {9788578110796},
issn = {1098-6596},
journal = {Journal of Chemical Information and Modeling},
number = {9},
pages = {1689--1699},
pmid = {25246403},
title = {{Current status and conservation of mangroves in Africa: An overview.}},
volume = {53},
year = {2013}
}

@article{Armah_et_al_2009,
author = {Armah, Ayaa Kojo and Diame, Abdoulaye and Ajonina, Gordon and Kairo, James},
doi = {https://doi.org/10.1016/j.rse.2016.07.016},
journal = {Nature & Faune},
number = {1},
pages = {30--41},
title = {{The role and work of African Mangrove Network (AMN) in conservation and sustainable use of mangroves in Africa}},
volume = {24},
year = {2009}
}

@article{Armah_et_al_2005,
author = {Armah, Ayaa Kojo and Wiafe, George and Kpelle, David G.},
doi = {10.1017/CBO9780511535864.029},
isbn = {9780511535864},
journal = {Climate Change and Africa},
pages = {204--217},
title = {{Sea-level rise and coastal biodiversity in West Africa: A case study from Ghana}},
volume = {9780521836},
year = {2005}
}

@article{Asante_et_al_2017,
author = {Asante, Winston A. and Acheampong, Emmanuel and Boateng, Kyereh and Adda, Jacob},
doi = {10.1016/j.forpol.2017.08.018},
issn = {13899341},
journal = {Forest Policy and Economics},
month = {dec},
number = {January},
pages = {65--75},
publisher = {Elsevier},
title = {{The implications of land tenure and ownership regimes on sustainable mangrove management and conservation in two Ramsar sites in Ghana}},
url = {https://linkinghub.elsevier.com/retrieve/pii/S1389934117300370},
volume = {85},
year = {2017}
}

@article{Awo_et_al_2014,
author = {Awo, Manson and Boatemaa, Akosua and Kwasi, Apppeaning Addo and Mensah, Adelina},
journal = {Journal of Environmental Research and Management},
number = {11},
pages = {0359--0367},
title = {{Impacts of shoreline morphological change and sea level rise on mangroves: the case of the keta coastal zone}},
volume = {4},
year = {2014}
}

@book{CILSS_2016,
address = {47914 252nd St Garretson, SD 57030},
author = {CILSS},
pages = {213},
publisher = {U.S. Geological Survey EROS},
title = {{Landscapes of West Africa â€“ A Window on a Changing World}},
year = {2016}
}

@article{Darkwa_and_Smardon_2010,
author = {Darkwa, Sarah and Smardon, Richard},
doi = {10.1017/S1466046610000256},
issn = {1466-0466},
journal = {Environmental Practice},
month = {sep},
number = {3},
pages = {202--213},
title = {{Ecosystem Restoration: Evaluating Local Knowledge and Management Systems of Fishermen in Fosu Lagoon, Ghana}},
url = {https://www.tandfonline.com/doi/full/10.1017/S1466046610000256},
volume = {12},
year = {2010}
}

@book{Di_Gregorio_et_al_2016,
address = {Rome, Italy},
author = {{Di Gregorio}, Antonio and Henry, Matieu and Donegan, Emily and Finegold, Yelena and Latham, John and Jonckheere, Inge and Cumani, Renato},
isbn = {978-92-5-109017-6},
pages = {40},
publisher = {FAO},
title = {{Land Cover Classification System: Classification concepts, Software version 3}},
year = {2016}
}

@article{Essumang_et_al_2012,
author = {Essumang, David K. and Boamponsem, Louis K. and Adokoh, Christian K. and Bentum, John K. and Owusu, Christiana and Adu-Boakye, Millicent E. and Afrifa, Joseph},
doi = {10.1017/S1466046612000191},
isbn = {1466046612000},
issn = {1466-0466},
journal = {Environmental Practice},
month = {sep},
number = {3},
pages = {173--183},
title = {{Research Article: Evaluation of the Levels of Selected Heavy Metals in Mangrove Ecosystem and Roadside Topsoil in Ghana}},
url = {https://www.tandfonline.com/doi/full/10.1017/S1466046612000191},
volume = {14},
year = {2012}
}

@techreport{FAO_2007,
address = {Rome, Italy},
author = {FAO},
institution = {FAO},
pages = {61},
publisher = {FAO},
title = {{The world's mangroves 1980-2005}},
url = {http://www.fao.org/3/a1427e/a1427e00.pdf},
year = {2007}
}

@article{Feka_et_al_2015,
author = {Feka, Zebedee Njisuh},
doi = {10.1016/j.ocecoaman.2015.08.006},
issn = {09645691},
journal = {Ocean & Coastal Management},
month = {nov},
pages = {341--352},
publisher = {Elsevier Ltd},
title = {{Sustainable management of mangrove forests in West Africa: A new policy perspective?}},
url = {https://linkinghub.elsevier.com/retrieve/pii/S0964569115300053},
volume = {116},
year = {2015}
}

@techreport{FRA_2000,
address = {Rome, Italy},
author = {FRA},
institution = {FAO},
pages = {41},
publisher = {FAO},
title = {{Forest cover mapping and monitoring with NOAA - AVHRR and other coarse spatial resolution sensors}},
url = {http://www.fao.org/forestry/4031-0b6287f13b0c2adb3352c5ded18e491fd.pdf},
year = {2000}
}

@techreport{GhanaStatisticalServices_2012,
author = {{Ghana Statistical Services}},
institution = {Ghana Statistical Service},
pages = {15},
publisher = {Ghana Statistical Service},
title = {{2010 Population and Housing Census, final results}},
url = {http://statsghana.gov.gh/gsscommunity/adm_program/modules/downloads/get_file.php?file_id=27},
year = {2012}
}

@article{Lambin_et_al_1994,
author = {Lambin, Eric F and Strahlers, Alan H},
doi = {10.1016/0034-4257(94)90144-9},
issn = {00344257},
journal = {Remote Sensing of Environment},
month = {may},
number = {2},
pages = {231--244},
title = {{Change-vector analysis in multitemporal space: A tool to detect and categorize land-cover change processes using high temporal-resolution satellite data}},
url = {https://www.sciencedirect.com/science/article/pii/0034425794901449 https://linkinghub.elsevier.com/retrieve/pii/0034425794901449},
volume = {48},
year = {1994}
}

@article{Levy_et_al_2015,
author = {Levy, Evan S. and Asare, Noble K. and Yankson, Kobina and Wubah, Daniel A.},
doi = {10.1016/j.rsma.2015.08.007},
issn = {23524855},
journal = {Regional Studies in Marine Science},
month = {nov},
pages = {19--27},
publisher = {Elsevier B.V.},
title = {{Effects of hydrographic conditions of ponds on juvenile fish assemblages in the Kakum mangrove system, Ghana}},
url = {https://linkinghub.elsevier.com/retrieve/pii/S2352485515000390},
volume = {2},
year = {2015}
}

@article{Ntiamoa-Baidu_1991,
author = {Ntiamoa-Baidu, Y.},
doi = {10.1016/0169-2046(91)90089-5},
issn = {01692046},
journal = {Landscape and Urban Planning},
month = {jan},
number = {1-3},
pages = {41--46},
title = {{Conservation of coastal lagoons in Ghana: the traditional approach}},
url = {https://linkinghub.elsevier.com/retrieve/pii/0169204691900895},
volume = {20},
year = {1991}
}

@article{Roy_et_al_2016,
author = {Roy, D.P. and Kovalskyy, V. and Zhang, H.K. and Vermote, E.F. and Yan, L. and Kumar, S.S. and Egorov, A.},
doi = {10.1016/j.rse.2015.12.024},
issn = {00344257},
journal = {Remote Sensing of Environment},
month = {nov},
pages = {57--70},
title = {{Characterization of Landsat-7 to Landsat-8 reflective wavelength and normalized difference vegetation index continuity}},
url = {https://linkinghub.elsevier.com/retrieve/pii/S0034425715302455},
volume = {185},
year = {2016}
}

@article{Rubin_et_al_1999,
author = {Rubin, J.A and Gordon, C. and Amatekpor, J.K},
doi = {10.1016/S0025-326X(99)00073-9},
issn = {0025326X},
journal = {Marine Pollution Bulletin},
month = {dec},
number = {8-12},
pages = {441--449},
title = {{Causes and Consequences of Mangrove Deforestation in the Volta Estuary, Ghana: Some Recommendations for Ecosystem Rehabilitation}},
url = {https://linkinghub.elsevier.com/retrieve/pii/S0025326X99000739},
volume = {37},
year = {1999}
}

@book{Spalding_et_al_1997,
address = {Okinawa, Japan},
author = {Spalding, Mark and Blasco, Fran{\c{c}}ois and Field, Colin (Eds)},
booktitle = {World Atlas of Mangroves},
pages = {172},
publisher = {The International Society for Mangrove Ecosystems},
title = {{World Mangrove Alias.}},
year = {1997}
}

@book{Spalding_et_al_2010,
address = {London, UK},
author = {Spalding, Mark and Kainuma, Mami and Collins, Lorna},
pages = {262},
publisher = {Earthscan},
title = {{World Atlas of Mangroves}},
year = {2010}
}

@techreport{UNEP_2007,
address = {Cambridge, UK},
author = {UNEP},
institution = {UNEP},
pages = {88},
publisher = {UNEP-WCMC, UNEP},
title = {{Mangroves of Western and Central Africa}},
url = {https://archive.org/download/mangrovesofweste07corc/mangrovesofweste07corc.pdf},
year = {2007}
}

@misc{USGS-EROS_2016,
author = {{USGS EROS}},
booktitle = {Mangrove Changes},
institution = {USGS EROS},
publisher = {USGS EROS},
title = {{West Africa: Land Use and Land Cover Dynamics}},
url = {https://eros.usgs.gov/westafrica/mangrove#:$\sim$:text=Mangroves play an essential role,threatened ecosystem throughout the region.},
urldate = {2021-04-24},
year = {2021}
}

@article{Verbesselt_et_al_2010,
author = {Verbesselt, Jan and Hyndman, Rob and Newnham, Glenn and Culvenor, Darius},
doi = {10.1016/j.rse.2009.08.014},
file = {:C\:/Users/User/AppData/Local/Mendeley Ltd./Mendeley Desktop/Downloaded/Verbesselt et al. - 2010 - Detecting trend and seasonal changes in satellite images time series.pdf:pdf},
isbn = {6139545226},
issn = {00344257},
journal = {Remote Sensing of Environment},
keywords = {Change detection,MODIS,NDVI,Phenology,Piecewise linear regression,Time series,Trend analysis,Vegetation dynamics},
mendeley-groups = {PhD/ProposalCited,GeneralLitter},
month = {jan},
number = {1},
pages = {106--115},
pmid = {16531038},
title = {{Detecting trend and seasonal changes in satellite image time series}},
url = {https://linkinghub.elsevier.com/retrieve/pii/S003442570900265X},
volume = {114},
year = {2010}
}

@article{Wang_et_al_2019,
author = {Wang, Le and Jia, Mingming and Yin, Dameng and Tian, Jinyan},
doi = {10.1016/j.rse.2019.111223},
issn = {00344257},
journal = {Remote Sensing of Environment},
month = {sep},
number = {December 2018},
pages = {111223},
title = {{A review of remote sensing for mangrove forests: 1956â€“2018}},
url = {https://linkinghub.elsevier.com/retrieve/pii/S0034425719302421},
volume = {231},
year = {2019}
}

@techreport{Wilkie_and_Fortuna_2003,
address = {Rome, Italy},
author = {Wilkie, M L and Fortuna, S},
institution = {FAO},
pages = {287},
publisher = {FAO},
title = {{Status and trends in mangrove area extent worldwide}},
url = {http://www.fao.org/3/j1533e/J1533E00.htm#TopOfPage},
year = {2003}
}

@article{Wulder_et_al_2019,
author = {Wulder, Michael A. and Loveland, Thomas R. and Roy, David P. and Crawford, Christopher J. and Masek, Jeffrey G. and Woodcock, Curtis E. and Allen, Richard G. and Anderson, Martha C. and Belward, Alan S. and Cohen, Warren B. and Dwyer, John and Erb, Angela and Gao, Feng and Griffiths, Patrick and Helder, Dennis and Hermosilla, Txomin and Hipple, James D. and Hostert, Patrick and Hughes, M. Joseph and Huntington, Justin and Johnson, David M. and Kennedy, Robert and Kilic, Ayse and Li, Zhan and Lymburner, Leo and McCorkel, Joel and Pahlevan, Nima and Scambos, Theodore A. and Schaaf, Crystal and Schott, John R. and Sheng, Yongwei and Storey, James and Vermote, Eric and Vogelmann, James and White, Joanne C. and Wynne, Randolph H. and Zhu, Zhe},
doi = {10.1016/j.rse.2019.02.015},
issn = {00344257},
journal = {Remote Sensing of Environment},
month = {may},
pages = {127--147},
title = {{Current status of Landsat program, science, and applications}},
url = {https://linkinghub.elsevier.com/retrieve/pii/S0034425719300707},
volume = {225},
year = {2019}
}

@article{Zhu_et_al_2015,
author = {Zhu, Zhe and Wang, Shixiong and Woodcock, Curtis E.},
doi = {10.1016/j.rse.2014.12.014},
issn = {00344257},
journal = {Remote Sensing of Environment},
month = {mar},
pages = {269--277},
title = {{Improvement and expansion of the Fmask algorithm: cloud, cloud shadow, and snow detection for Landsats 4â€“7, 8, and Sentinel 2 images}},
url = {https://linkinghub.elsevier.com/retrieve/pii/S0034425714005069},
volume = {159},
year = {2015}
}

@article{Zhu_and_Woodcock_2014,
author = {Zhu, Zhe and Woodcock, Curtis E.},
doi = {10.1016/j.rse.2014.01.011},
issn = {00344257},
journal = {Remote Sensing of Environment},
month = {mar},
pages = {152--171},
title = {{Continuous change detection and classification of land cover using all available Landsat data}},
url = {https://linkinghub.elsevier.com/retrieve/pii/S0034425714000248},
volume = {144},
year = {2014}
}